<?xml version="1.0" encoding="UTF-8"?><collection><record><leader>06091ntm a2200625 a 4500</leader><controlfield tag="001">006806316</controlfield><controlfield tag="003">MiAaHDL</controlfield><controlfield tag="005">20190719000000.0</controlfield><controlfield tag="006">m        d        </controlfield><controlfield tag="007">cr bn ---auaua</controlfield><controlfield tag="008">090603q15471548ir            00| ||per d</controlfield><datafield tag="035" ind1=" " ind2=" "><subfield code="a">(MiU)006806316</subfield></datafield><datafield tag="035" ind1=" " ind2=" "><subfield code="a">sdr-miu006806316</subfield></datafield><datafield tag="040" ind1=" " ind2=" "><subfield code="a">MiU</subfield><subfield code="c">MiU</subfield><subfield code="e">amremm</subfield></datafield><datafield tag="043" ind1=" " ind2=" "><subfield code="a">n-us-mi</subfield></datafield><datafield tag="100" ind1="0" ind2=" "><subfield code="6">880-01</subfield><subfield code="a">Niẓāmī Ganjavī,</subfield><subfield code="d">1140 or 1141-1202 or 1203.</subfield></datafield><datafield tag="240" ind1="1" ind2="0"><subfield code="6">880-02</subfield><subfield code="a">Khamsah.</subfield><subfield code="k">Selections</subfield></datafield><datafield tag="245" ind1="1" ind2="0"><subfield code="6">880-03</subfield><subfield code="a">Khulāṣah-i Khamsah,</subfield><subfield code="f">[954, i.e. 1547 or 1548].</subfield></datafield><datafield tag="246" ind1="3" ind2=" "><subfield code="6">880-04</subfield><subfield code="a">خلاصه خمسه نظامی</subfield></datafield><datafield tag="260" ind1=" " ind2=" "><subfield code="a">[Shīrāz?,</subfield><subfield code="c">1547 or 1548].</subfield></datafield><datafield tag="300" ind1=" " ind2=" "><subfield code="a">53 leaves :</subfield><subfield code="b">paper ;</subfield><subfield code="c">160 x 105 (98 x 43) mm.</subfield></datafield><datafield tag="500" ind1=" " ind2=" "><subfield code="a">Shelfmark: Ann Arbor, University of Michigan, Special Collections Library, Isl. Ms. 288</subfield></datafield><datafield tag="500" ind1=" " ind2=" "><subfield code="a">Origin: As appears in colophon on p.105, copied by Muḥammad al-Qivām [al-Qavām], al-Kātib al-Shīrāzī, likely in Shīrāz (see Lâle Uluç's article, "A Persian epic, perhaps for the Ottoman sultan," p.57) with transcription completed Dhū al-Qaʻdah 954 [December 1547-January 1548].</subfield></datafield><datafield tag="500" ind1=" " ind2=" "><subfield code="a">Former shelfmark: "394 T. D. M." [i.e. Tammaro De Marinis] inscribed in pencil on 'title page' (p.1).</subfield></datafield><datafield tag="500" ind1=" " ind2=" "><subfield code="a">Binding: Pasteboards covered in dark brown leather ; Type II binding (with flap) ; board linings and hinges in shell 'marbled' paper (in mainly brown and blue) ; fore edge flap lined in silk ; upper and lower covers carry 'gold'-stamped mandorla (filled with vegetal composition - now damaged, recessed onlays now gone to green) and cornerpieces with tooled rosette accents and border in a series of s-shaped stamps ; design continues on envelope flap ; sewn in cream thread, two stations ; worked chevron endbands in dark pink and green, fairly good condition ; overall in fair condition with some staining, abrasion, some lifting of leather, etc.</subfield></datafield><datafield tag="500" ind1=" " ind2=" "><subfield code="a">Support: non-European (likely Persian) laid paper with 8 laid lines per cm. (horizontal and fairly indistinct with some curving), quite sturdy and well-burnished though transluscent.</subfield></datafield><datafield tag="500" ind1=" " ind2=" "><subfield code="a">Decoration: Elegant (though damaged) illuminated headpiece (ʻunwān / sarlawḥ ) at opening on p.2 consisting of large rectangular piece with gold cartouche carrying opening title ("خلاصه خمسه") in white surrounded by swirling arabesque with floral motifs (in gold, light blue, white, yelow, pink, red, etc.) on fields of lapis lazuli and gold (evoking book cover design), surmounted by rectangular piece with row of swirling arabesque on fields of lapis lazuli and gold, all surrounded by border in blue with white crosses and surmounted by vertical stalks (tīgh) in blue ; written area of incipit and facing page set off by cloud-bands consisting of vegetal designs in green, pink and red on a gold ground ; written area surrounded by frame consisting of a series of gold, red, and light blue rules defined by black fillets ; some keywords and section headings chrysographed, others in blue ink.</subfield></datafield><datafield tag="500" ind1=" " ind2=" "><subfield code="a">Script: Nastaʻlīq ; elegant hand ; serifless, with effect of words descending to baseline, closed counters, elongated horizontal strokes of exaggerated thickness.</subfield></datafield><datafield tag="500" ind1=" " ind2=" "><subfield code="a">Layout: Written in 10 lines per page ; frame-ruled.</subfield></datafield><datafield tag="500" ind1=" " ind2=" "><subfield code="a">Collation: IV-2 (6), 5 IV(46), IV-1 (53) ; exclusively quaternions (two anonmalous) ; catchwords present ; pagination in pencil, Western numerals, supplied during digitization.</subfield></datafield><datafield tag="500" ind1=" " ind2=" "><subfield code="a">Colophon: "Scribal," triangular, in Arabic, reads "تم الكتاب بعون الله وحسن توفيقه والصلوة والسلام على محمد واله اجمعين في تاريخ شهر ذي قعده سنه اربع وخمسين وتسعمائة على يد تراب الاقدام محمد القوام الكاتب الشيرازى "</subfield></datafield><datafield tag="500" ind1=" " ind2=" "><subfield code="a">Explicit: "بآهستگی [به آهستگی] کار عالم برآر که در کار گرمی نیاید بکار [به کار]"</subfield></datafield><datafield tag="500" ind1=" " ind2=" "><subfield code="a">Incipit: "بر اصحاب دولت و ارباب مکنت واجب و لازمست ..."</subfield></datafield><datafield tag="500" ind1=" " ind2=" "><subfield code="a">Title from illuminated headpiece at opening on p.2.</subfield></datafield><datafield tag="500" ind1=" " ind2=" "><subfield code="a">Ms. codex.</subfield></datafield><datafield tag="510" ind1="4" ind2=" "><subfield code="a">Uluç, Lâle. "A Persian epic, perhaps for the Ottoman sultan." Metropolitan Museum Journal, 29 (1994) pp.57-69.</subfield></datafield><datafield tag="510" ind1="4" ind2=" "><subfield code="a">Cat. Pers. MSS. Brit. Mus.,</subfield><subfield code="c">p.575</subfield></datafield><datafield tag="520" ind1="8" ind2=" "><subfield code="a">Elegant copy of a selection of excerpts from Niẓāmī's Khamsah, divided into 37 chapters (باب) each addressing a subject relating to piety, ethics, or etiquette (see pp.5-8 for a listing of the chapters). For a similar abridgement of Khamsah-i Niẓāmī, see Isl. Ms. 289. Contributions to the cataloguing from Ali Rafi.</subfield></datafield><datafield tag="538" ind1=" " ind2=" "><subfield code="a">Mode of access: Internet.</subfield></datafield><datafield tag="541" ind1=" " ind2=" "><subfield code="c">Purchase ;</subfield><subfield code="a">Acquired by purchase (funds donated by Horace Rackham).</subfield><subfield code="d">1924.</subfield></datafield><datafield tag="546" ind1=" " ind2=" "><subfield code="a">Persian.</subfield></datafield><datafield tag="561" ind1=" " ind2=" "><subfield code="a">Inscription in pencil on 'title page' (p.1) "394 T. D. M. [i.e. Tammaro De Marinis]" ; inscription identifying copyist on 'title page' (p.1) reads "بخط محمد قوام الشيرازى" ; effaced seal impression on 'title page' (p.1) ; calculations (likely of the age of the manuscript in the year 1216 [1801 or 2]) on final leaf (pp.105-106) ; relatively clean copy.</subfield></datafield><datafield tag="650" ind1=" " ind2="0"><subfield code="a">Manuscripts, Persian</subfield><subfield code="z">Michigan</subfield><subfield code="z">Ann Arbor.</subfield></datafield><datafield tag="650" ind1=" " ind2="0"><subfield code="a">Masnavis, Persian</subfield><subfield code="v">Early works to 1800.</subfield></datafield><datafield tag="650" ind1=" " ind2="0"><subfield code="a">Epic poetry, Persian</subfield><subfield code="v">Early works to 1800.</subfield></datafield><datafield tag="650" ind1=" " ind2="0"><subfield code="a">Persian poetry</subfield><subfield code="y">747-1500.</subfield></datafield><datafield tag="655" ind1=" " ind2="7"><subfield code="a">Headpieces (layout features)</subfield><subfield code="y">16th century.</subfield><subfield code="2">aat</subfield></datafield><datafield tag="700" ind1="0" ind2=" "><subfield code="a">Abdülhamid</subfield><subfield code="b">II,</subfield><subfield code="c">Sultan of the Turks,</subfield><subfield code="d">1842-1918,</subfield><subfield code="e">former owner.</subfield></datafield><datafield tag="700" ind1="0" ind2=" "><subfield code="6">880-05</subfield><subfield code="a">Muḥammad Qivām,</subfield><subfield code="d">fl. 1547,</subfield><subfield code="e">scribe.</subfield></datafield><datafield tag="773" ind1="0" ind2=" "><subfield code="a">Abdul Hamid Collection.</subfield></datafield><datafield tag="880" ind1="0" ind2=" "><subfield code="6">700-05/</subfield><subfield code="a">محمد قوام,</subfield><subfield code="e">ناسخ.</subfield></datafield><datafield tag="880" ind1="3" ind2=" "><subfield code="6">246-04/</subfield><subfield code="a">Khulāṣah-i Khamsah-i Niẓāmī</subfield></datafield><datafield tag="880" ind1="1" ind2="0"><subfield code="6">245-03/</subfield><subfield code="a">خلاصه خمسه,</subfield><subfield code="f">[954ه, 1547 يا 1548م].</subfield></datafield><datafield tag="880" ind1="1" ind2="0"><subfield code="6">240-02/</subfield><subfield code="a">خمسه.</subfield><subfield code="k">منتخبات</subfield></datafield><datafield tag="880" ind1="0" ind2=" "><subfield code="6">100-01/</subfield><subfield code="a">نظامي گنجوي.</subfield></datafield><datafield tag="CID" ind1=" " ind2=" "><subfield code="a">006806316</subfield></datafield><datafield tag="DAT" ind1="0" ind2=" "><subfield code="a">20190719102637.0</subfield><subfield code="b">20190719000000.0</subfield></datafield><datafield tag="DAT" ind1="1" ind2=" "><subfield code="a">20190719090653.0</subfield><subfield code="b">2019-07-19T16:10:25Z</subfield></datafield><datafield tag="DAT" ind1="2" ind2=" "><subfield code="a">2015-10-02T18:00:03Z</subfield></datafield><datafield tag="CAT" ind1=" " ind2=" "><subfield code="a">SDR-MIU</subfield><subfield code="d">EX LIBRIS - ALEPH</subfield><subfield code="l">prepare.pl-004-008</subfield></datafield><datafield tag="FMT" ind1=" " ind2=" "><subfield code="a">BK</subfield></datafield><datafield tag="HOL" ind1=" " ind2=" "><subfield code="0">sdr-miu006806316</subfield><subfield code="a">MiU</subfield><subfield code="b">SDR</subfield><subfield code="c">MIU</subfield><subfield code="p">mdp.39015079127851</subfield><subfield code="s">MIU</subfield><subfield code="1">006806316</subfield></datafield><datafield tag="974" ind1=" " ind2=" "><subfield code="b">MIU</subfield><subfield code="c">MIU</subfield><subfield code="d">20190719</subfield><subfield code="s">lit-dlps-dc</subfield><subfield code="u">mdp.39015079127851</subfield><subfield code="y">1548</subfield><subfield code="r">pd</subfield><subfield code="q">bib</subfield><subfield code="t">non-US bib date2 &lt; 1896</subfield></datafield></record></collection>